<record><leader>00000cas a22000007a 4500</leader><controlfield tag="001">12903455</controlfield><controlfield tag="008">851213d186818uuohuwr ne      0    0eng d</controlfield><datafield ind1=" " ind2=" " tag="010"><subfield code="a">sn 85034499 </subfield></datafield><datafield ind1=" " ind2=" " tag="040"><subfield code="a">NPU</subfield><subfield code="b">eng</subfield><subfield code="c">NPU</subfield><subfield code="d">ONP</subfield><subfield code="d">OCLCQ</subfield></datafield><datafield ind1=" " ind2=" " tag="042"><subfield code="a">msc</subfield></datafield><datafield ind1="0" ind2=" " tag="130"><subfield code="a">Elmore weekly courier (Elmore, Ohio : 1868)</subfield></datafield><datafield ind1="1" ind2="4" tag="245"><subfield code="a">The Elmore weekly courier.</subfield></datafield><datafield ind1=" " ind2=" " tag="260"><subfield code="a">Elmore, Ohio :</subfield><subfield code="b">J.E. Crofoot</subfield></datafield><datafield ind1=" " ind2=" " tag="300"><subfield code="a">v. ;</subfield><subfield code="c">67 cm.</subfield></datafield><datafield ind1=" " ind2=" " tag="310"><subfield code="a">Weekly</subfield></datafield><datafield ind1="1" ind2=" " tag="362"><subfield code="a">Began in 1868.</subfield><subfield code="z">Cf. Rowell, 1873.</subfield></datafield><datafield ind1=" " ind2=" " tag="588"><subfield code="a">Description based on: Sept. 27, 1871 issue.</subfield></datafield><datafield ind1=" " ind2=" " tag="752"><subfield code="a">United States</subfield><subfield code="b">Ohio</subfield><subfield code="d">Elmore.</subfield></datafield></record>